<record xmlns="http://www.openarchives.org/OAI/2.0/" xmlns:xsi="http://www.w3.org/2001/XMLSchema-instance"><header><identifier>oai:alma.34CSIC_INST:990012274550204201</identifier><datestamp>2020-02-06T08:41:03Z</datestamp><setSpec>manuscripta</setSpec></header><metadata><record xmlns="http://www.loc.gov/MARC21/slim" xmlns:xsi="http://www.w3.org/2001/XMLSchema-instance" xsi:schemaLocation="http://www.loc.gov/MARC21/slim http://www.loc.gov/standards/marcxml/schema/MARC21slim.xsd"><leader>09429ntm a2200661 i 4500</leader><controlfield tag="005">20181031100340.0</controlfield><controlfield tag="008">100330q1200    sp            000 0 ara d</controlfield><controlfield tag="001">990012274550204201</controlfield><datafield tag="035" ind1=" " ind2=" "><subfield code="a">CSIC001227455</subfield></datafield><datafield tag="035" ind1=" " ind2=" "><subfield code="a">(ES-MaCSI)001227455MAD01-Aleph</subfield></datafield><datafield tag="035" ind1=" " ind2=" "><subfield code="a">(OCoLC)1123935049
</subfield></datafield><datafield tag="040" ind1=" " ind2=" "><subfield code="a">ES-MaCSI</subfield><subfield code="b">spa</subfield></datafield><datafield tag="080" ind1=" " ind2=" "><subfield code="a">091(=411.21)</subfield></datafield><datafield tag="080" ind1=" " ind2=" "><subfield code="a">348.9:28</subfield></datafield><datafield tag="080" ind1=" " ind2=" "><subfield code="a">347.961(083.2)</subfield></datafield><datafield tag="100" ind1="1" ind2=" "><subfield code="a">الحَسَنَ عَلِي بن يحيى بن الْقَاسِمِ</subfield></datafield><datafield tag="240" ind1="1" ind2="0"><subfield code="a">المقصد المحمود في تلخيص العقود</subfield></datafield><datafield tag="245" ind1="1" ind2="0"><subfield code="a">[No consta el tít. del ms.]</subfield><subfield code="h">[Manuscrito]</subfield></datafield><datafield tag="260" ind1=" " ind2=" "><subfield code="a">[S.l.] :</subfield><subfield code="b">[s.n.],</subfield><subfield code="c">S. f. (s. XIII).</subfield></datafield><datafield tag="300" ind1=" " ind2=" "><subfield code="a">123 ff. (1 col. Entre 26 y 29 líneas por pág.) :</subfield><subfield code="b">Papel tratado ;</subfield><subfield code="c">29x21,5 cm. (caja: 21-22x13-14 cm.).</subfield></datafield><datafield tag="490" ind1="0" ind2=" "><subfield code="a">Manuscripta</subfield></datafield><datafield tag="500" ind1=" " ind2=" "><subfield code="a">Incipit: [بسملة وتصلية] قال الفَقِيهُ القَاضِي أَبُو الحَسَنِ عَلِي بن يحيى بْنُ القَاسِمِ رَضِي اللهُ عَنْهُ. اَلحَمْدُ للهِ الْمستَوْجِبِ لِلحَمْدِ اَلْمُسْتَحِقِ للثَّنَاءِ والْمَجْدِ وَصَلَّى اللهُ عَلَى نَبِيهِ المُصْطَفَى مُحَمَّدٍ وَعَلَى الهِ وَصَحْبِهِ صَلاَةً تَتَضَاعَفُ وَتَتَرَّدَّد أمَّا بَعْدُ فَإِنَّكَ سَألتَنِي إِختِصَارَ وَثَائِق مُحْكمَةِ الأُصُولِ قَلِيلَةِ الْفُضُولِ ...</subfield></datafield><datafield tag="500" ind1=" " ind2=" "><subfield code="a">Explicit: وَان شئتَ انتسَاخ العقد المقيد بافساد الماشية قُلتُ [...]اليه عقدا نسخته من اوله الى أَخِرِ الشهادات فيه ثم تكمل العقد [...]</subfield></datafield><datafield tag="500" ind1=" " ind2=" "><subfield code="a">Copista: Al menos 2 copistas desconocidos.</subfield></datafield><datafield tag="500" ind1=" " ind2=" "><subfield code="a">Colofón: No</subfield></datafield><datafield tag="500" ind1=" " ind2=" "><subfield code="a">Características especiales: No</subfield></datafield><datafield tag="500" ind1=" " ind2=" "><subfield code="a">Ilustración: No</subfield></datafield><datafield tag="500" ind1=" " ind2=" "><subfield code="a">Ilustraciones: Manecillas a lo largo de toda la obra.</subfield></datafield><datafield tag="500" ind1=" " ind2=" "><subfield code="a">Tinta negra</subfield></datafield><datafield tag="500" ind1=" " ind2=" "><subfield code="a">Tipo de cuaderno: 7 cuadernos de 5 bifolios completos, y el resto folios sueltos, o bifolios desprendidos.</subfield></datafield><datafield tag="500" ind1=" " ind2=" "><subfield code="a">Deterioros generales: Volumen separado de la encuadernación. Humedades que han dañado gravemente la parte inferior de los folios impidiendo la lectura. Galerías por insectos.</subfield></datafield><datafield tag="500" ind1=" " ind2=" "><subfield code="a">H en blanco: No.</subfield></datafield><datafield tag="500" ind1=" " ind2=" "><subfield code="a">H dañadas, mutiladas y sueltas: Todas mutiladas en la parte inferior por la humedad, y algunas por el lateral externo. Sueltas: 1, 3-6, 8-15, 18-23, 34, 43, 92, 105-109, 116-117, 122-125.</subfield></datafield><datafield tag="500" ind1=" " ind2=" "><subfield code="a">H faltan o añadidas: La obra está incompleta, faltan hojas del final.</subfield></datafield><datafield tag="500" ind1=" " ind2=" "><subfield code="a">Foliación: 1 a 125, a lápiz en la parte superior derecha del verso (por un salto en la numeración, no hay f. 64 ni f. 65).</subfield></datafield><datafield tag="500" ind1=" " ind2=" "><subfield code="a">Reclamos: No.</subfield></datafield><datafield tag="500" ind1=" " ind2=" "><subfield code="a">Sin signaturas de cuaderno</subfield></datafield><datafield tag="500" ind1=" " ind2=" "><subfield code="a">Pautado: A punta seca. Distancia interlineal: 0,7-1 cm.</subfield></datafield><datafield tag="500" ind1=" " ind2=" "><subfield code="a">Filigrana: ff. 1, 2, 6, 9, 52, 53, 58, 60, 71: mano con flor, similar a Briquet nº 10765, sin iniciales. ff. 5, 12, 14, 16, 18, 20, 23, 24, 28, 29, 83, 85: mano con flor similar a nº11151 Briquet. ff. 35-37, 39, 46, 48, 50, 61-64, 67, 72, 73, 79-81, 87, 89, 97, mano con flor similar a nº10747 Briquet, sin iniciales. En algunos folios dañados por la humedad no puede distinguirse.</subfield></datafield><datafield tag="500" ind1=" " ind2=" "><subfield code="a">Signatura antigua: V. Sello azul y blanco en la portada, con nº 5. Junta 5</subfield></datafield><datafield tag="500" ind1=" " ind2=" "><subfield code="a">Anotaciones: Muchas notas marginales contemporáneas a la copia, y otras, modernas, a lápiz, acerca del contenido de los epígrafes.</subfield></datafield><datafield tag="510" ind1="3" ind2=" "><subfield code="a">Descripción: J. Ribera y M. Asín (dirs.), Manuscritos árabes y aljamiados de la biblioteca de la Junta: noticia y extractos, Madrid: Junta para la ampliación de Estudios e Investigaciones Científicas, 1912, 17-33.</subfield></datafield><datafield tag="510" ind1="4" ind2=" "><subfield code="a">Bibliografía: J. Ribera y M. Asín (dirs.), Manuscritos árabes y aljamiados de la biblioteca de la Junta: noticia y extractos, Madrid: Junta para la ampliación de Estudios e Investigaciones Científicas, 1912, 17-33. - ʽAlī b. Yahyà al-Ŷazīrī, Al-maqsad al-maḥmūd fī taljīs al-ʽuqūd = Proyecto plausible de compendio de fórmulas notariales. Estudio y edición crítica de Asunción Ferreras, Madrid: Consejo Superior de Investigaciones Científicas y Agencia Española de Cooperación Internacional (Fuentes arábico-hispanas; 23), 1998.</subfield></datafield><datafield tag="520" ind1="2" ind2=" "><subfield code="a">Formulario de actas notariales, de Abu al-Ḥasan ʽAlī b. Yaḥyà b. al-Qāsim al-Ṣinhāgī al-Gazīrī, Al-maqṣad al-maḥmūd fī talhīṣ al-ʽuqūd (ed. de A. Ferreras, 12)</subfield></datafield><datafield tag="530" ind1=" " ind2=" "><subfield code="a">Mª del P. Martínez Olmo, Colección de manuscritos árabes y aljamiados de la Biblioteca del Instituto de Filología del CSIC, Instituto de Filología CSIC, Madrid, 1998 (4 Cd-Rom), CD 1. -Instituto Miguel Asín de Estudios Arabes, Colección de manuscritos árabes y aljamiados, Microforma, Madrid: 1983-84, 25 rollos, Ms. 3, 4 y 5.</subfield></datafield><datafield tag="541" ind1=" " ind2=" "><subfield code="a">Procedencia: Almonacid de la Sierra. Pablo Gil. Sección Árabe Centro de Estudios Históricos (JAE). Escuela de Estudios Árabes de Madrid. Instituto de Filología, CSIC.</subfield><subfield code="d">Ingreso: Junio de 1910.</subfield></datafield><datafield tag="546" ind1=" " ind2=" "><subfield code="a">Árabe</subfield><subfield code="b">con escritura magrebí</subfield></datafield><datafield tag="563" ind1=" " ind2=" "><subfield code="a">Encuadernado en piel de la época. Pedazo de tela cosido al canto.</subfield></datafield><datafield tag="595" ind1=" " ind2=" "><subfield code="a">ʽAlī b. Yahyà al-Ŷazīrī, Al-maqsad al-maḥmūd fī taljīs al-ʽuqūd = Proyecto plausible de compendio de fórmulas notariales. Estudio y edición crítica de Asunción Ferreras, Madrid: Consejo Superior de Investigaciones Científicas y Agencia Española de Cooperación Internacional (Fuentes arábico-hispanas; 23), 1998.</subfield></datafield><datafield tag="650" ind1=" " ind2="7"><subfield code="a">Manuscritos árabes.</subfield><subfield code="2">CSICAU</subfield></datafield><datafield tag="650" ind1=" " ind2="7"><subfield code="a">Manuscritos aljamiados.</subfield><subfield code="2">CSICAU</subfield></datafield><datafield tag="650" ind1=" " ind2="7"><subfield code="a">Derecho islámico.</subfield><subfield code="2">CSICAU</subfield></datafield><datafield tag="650" ind1=" " ind2="7"><subfield code="a">Derecho notarial</subfield><subfield code="v">formularios.</subfield><subfield code="2">CSICAU</subfield></datafield><datafield tag="700" ind1="1" ind2=" "><subfield code="a">Abū-l-Ḥasan ʽAlī b. Yaḥyà b. al-Qāsim</subfield></datafield><datafield tag="730" ind1="0" ind2=" "><subfield code="a">[Al-maqṣad al-maḥmūd fī taljīṣ al-ʽuqūd]</subfield></datafield><datafield tag="830" ind1=" " ind2="0"><subfield code="a">Manuscripta</subfield></datafield><datafield tag="856" ind1="4" ind2="1"><subfield code="u">http://aleph.csic.es/imagenes/mad01/0006_PMSC/P_001227455_650787_V00.pdf</subfield><subfield code="z">Descargar Pdf completo (25M)</subfield><subfield code="m">CSIC</subfield></datafield><datafield tag="856" ind1="4" ind2="1"><subfield code="u">http://simurg.bibliotecas.csic.es/viewer/image/CSIC001227455/1/</subfield><subfield code="z">Ver texto completo en SIMURG, el portal de fondos digitalizados del CSIC</subfield><subfield code="m">CSIC</subfield></datafield><datafield tag="856" ind1="4" ind2="1"><subfield code="u">http://aleph.csic.es/imagenes/mad01/0006_PMSC/html/001227455.html</subfield><subfield code="z">Ver texto completo en Bookreader</subfield></datafield></record></metadata></record>